%Pour month: mettre les trois premièeres lettres du nom du mois en anglais, sans accolades ex: month=APR, %

% Mettre and others au lieu de et al. %




@Article{Abecasis00,
  author = 	 {G R Abecasis and W O Cookson},
  title = 	 {G{O}{L}{D}--graphical overview of linkage disequilibrium},
  journal = 	 {Bioinformatics},
  year = 	 {2000},
  OPTkey = 	 {},
  volume = 	 {16},
  number = 	 {2},
  pages = 	 {182-183},
  month = 	 {Mar},
  OPTnote = 	 {},
  OPTannote = 	 {}
}

@Article{Almasy01,
  author = 	 {L Almasy and J D Terwilliger and  D Nielsen and T D Dyer and D Zaykin and J Blangero},
  title = 	 {{G}{A}{W}12: {S}imulated genome scan , sequence, and family data for a common disease},
  journal = 	 {Genet epidemiol},
  year = 	 {2001},
  OPTkey = 	 {},
  volume = 	 {21 (Suppl 1)},
  OPTnumber = 	 {},
 pages = 	 {S332--S338},
  OPTmonth = 	 {},
  OPTnote = 	 {},
  OPTannote = 	 {}
}



@Article{Akey01,
  author = 	 {J Akey and L Jin and M Xiong},
  title = 	 {Haplotypes \textit{vs} single marker linkage disequilibrium tests: what do we gain?},
  journal = 	 {European J of Hum Genet},
  year = 	 {2001},
  OPTkey = 	 {},
  volume = 	 {9},
  OPTnumber = 	 {},
  pages = 	 {291--300},
  OPTmonth = 	 {},
  OPTnote = 	 {},
  OPTannote = 	 {}
}



@Article{Bader01,
  author = 	 {J S Bader},
  title = 	 {The relalative power of {S}{N}{P}S and haplotype as genetic markers for association tests},
  journal = 	 {Pharmacogenomics},
  year = 	 {2001},
  OPTkey = 	 {},
  volume = 	 {2},
  number = 	 {1},
  pages = 	 {11--24},
  OPTmonth = 	 {},
  OPTnote = 	 {},
  OPTannote = 	 {}
}


@Article{Bardel05,
  author =       {C Bardel and V Danjean and J P Hugot and P Darlu and E G\'enin
},
  title =        {On the use of haplotype phylogeny to detect disease susceptibi
lity loci},
  journal =      {BMC Genetics},
  year =         {2005},
  OPTkey =       {},
  volume =       {6},
  number =       {24},
  OPTpages =     {},
  OPTmonth =     {},
  OPTnote =      {},
  OPTannote =    {}
}


% 0370475 (JID)
@Article{Becker04,
   Author=   {Tim Becker and Michael Knapp},
   Title=    {A powerful strategy to account for multiple testing in the context of haplotype analysis},
   Journal=  {Am J Hum Genet},
   Year=     {2004},
   Volume=   {75},
   Number=   {4},
   Pages=    {561-570},
   Month=    {Oct}
}

@PhdThesis{these:Bourgain,
  author = 	 {Bourgain C},
  title = 	 {Intérêt des populations à effet fondateur pour la recherche de facteurs de risques génétiques des maladies multifactorielles},
  school = 	 {Université {P}aris {XI}},
  year = 	 {2001},
  OPTkey = 	 {},
  OPTtype = 	 {},
  OPTaddress = 	 {},
  OPTmonth = 	 {},
  OPTnote = 	 {},
  OPTannote = 	 {}
}


@Article{Bourgain00,
  author = 	 {C Bourgain and E Génin and H Quesneville and F Clerget-Darpoux },
  title = 	 {Search for multifactorial disease susceptibility genes in founder populations},
  journal = 	 {Ann Hum Genet},
  year = 	 {2000},
  OPTkey = 	 {},
  volume = 	 {64},
  OPTnumber = 	 {},
  pages = 	 {255--265},
  OPTmonth = 	 {},
  OPTnote = 	 {},
  OPTannote = 	 {}
}

% 0370475 (JID)
@Article{Clayton99,
   Author={D Clayton},
   Title={A generalization of the transmission/disequilibrium test for uncertain-haplotype transmission},
   Journal={Am J Hum Genet},
   Year={1999},
   Volume={65},
   Number={4},
   Pages={1170-1177},
   Month={Oct}
}


@Article{Collins97,
  author = 	 {F S Collins},
  title = 	 {Preparing health professionals for the genetic revolution},
  journal = 	 {Jama},
  year = 	 {1997},
  OPTkey = 	 {},
  volume = 	 {278},
  OPTnumber = 	 {},
  pages = 	 {1285--1286},
  OPTmonth = 	 {},
  OPTnote = 	 {},
  OPTannote = 	 {}
}


@Article{Collins98,
  author = 	 {F S Collins and  L D Brooks and  A Chakravarti},
  title = 	 {{A} {DNA} polymorphism discovery resource for research on human genetic variation},
  journal = 	 {Genome Res},
  year = 	 {1998},
  OPTkey = 	 {},
  volume = 	 {8},
  OPTnumber = 	 {},
  pages = 	 {1229--1231},
  OPTmonth = 	 {},
  OPTnote = 	 {},
  OPTannote = 	 {}
}




@Article{Cordell02,
  author = 	 {H J Cordell and D G Clayton},
  title = 	 {A unified stpwise regression procedure for evaluating the relative effects of polymorphisms within a gene using case/control or family data: application to HLA in type {I} diabetes},
  journal = 	 {Am J Hum Genet},
  year = 	 {2002},
  OPTkey = 	 {},
  volume = 	 {70},
  OPTnumber = 	 {},
  pages = 	 {124--141},
  OPTmonth = 	 {},
  OPTnote = 	 {},
  OPTannote = 	 {}
}

@Article{Culverhouse02,
  author = 	 {R Culverhouse and B K Suarez and J Lin and T Reich},
  title = 	 {A perspective on epistasis: limits of models displaying no main effect},
  journal = 	 {Am J Hum Genet},
  year = 	 {2002},
  OPTkey = 	 {},
  volume = 	 {70},
  OPTnumber = 	 {},
  pages = 	 {461--471},
  OPTmonth = 	 {},
  OPTnote = 	 {},
  OPTannote = 	 {}
}

@Misc{genehunter,
  OPTkey = 	 {},
  author = 	 {M J Daly and L Kruglyak and S Pratt and N Houstis and M P Reeve and A Kirby and E S Lander},
  title = 	 {Genehunter, version 2.1},
  OPThowpublished = {},
  OPTmonth = 	 {},
 year = 	 {2001},
 OPTnote = 	 {available at \url{http://www.fhcrc.org/labs/kruglyak/Downloads/index.html}},
  OPTannote = 	 {}
}

@Article{darlugenin,
  author = 	 {P Darlu and E Génin},
  title = 	 {Cladistic analysis of haplotypes as an attempt to detect disease susceptibility.},
  journal = 	 {Genet Epidemiol},
  year = 	 {2001},
  OPTkey = 	 {},
  volume = 	 {21 (Suppl.1)},
  OPTnumber = 	 {},
  pages = 	 {S602--S607},
  OPTmonth = 	 {},
  OPTnote = 	 {},
  OPTannote = 	 {}
}



@Article{Douglas01,
  author = 	 {J A Douglas and M Boehnke and E Guillanders and J M Trent and S B Gruber},
  title = 	 {Experimentally-derived haplotyes substantially increase the efficiency of linkage disequilibrium studies},
  journal = 	 {Nat Genet},
  year = 	 {2001},
  OPTkey = 	 {},
  volume = 	 {28},
  OPTnumber = 	 {},
  pages = 	 {361--364},
  OPTmonth = 	 {},
  OPTnote = 	 {},
  OPTannote = 	 {}
}





@Article{Dubertret04,
  author = 	 {C Dubertret and L Gouya and N Hanoun and J-C Deybach and J Hadès and M Hamon and P Gorwood},
  title = 	 {The 3' region of the DRD2 gene is involved in genetic susceptibility to schizophrenia},
  journal = 	 {Schizophr Res},
  year = 	 {2004},
  OPTkey = 	 {},
  volume = 	 {67},
  OPTnumber = 	 {},
  pages = 	 {75-85},
  OPTmonth = 	 {},
  OPTnote = 	 {},
  OPTannote = 	 {}
}

@Article{Durrant04,
  author = 	 {C Durrant and K T Zondervan and L R Cardon and S Hunt and P Deloukas and A P Morris},
  title = 	 {Linkage disequilibrium mapping via cladistic analysis of single-nucleotique polymorphism haplotypes},
  journal = 	 {Am J Hum Genet},
  year = 	 {2004},
  OPTkey = 	 {},
  volume = 	 {75},
  OPTnumber = 	 {},
  pages = 	 {35-43},
  OPTmonth = 	 {},
  OPTnote = 	 {},
  OPTannote = 	 {}
}

@Article{Fallin01,
  author = 	 {D Fallin and A Cohen and L Essioux and I Chumakov and M Blumenfeld and D Cohen and N J Schork},
  title = 	 {Genetic  analysis of case/control data using estimated haplotype frequencies: application to {A}{P}{O}{E} locus variation and Alzheimer's {D}isease},
  journal = 	 {Genome Res},
  year = 	 {2001},
  OPTkey = 	 {},
  volume = 	 {11},
  OPTnumber = 	 {},
  pages = 	 {143--151},
  OPTmonth = 	 {},
  OPTnote = 	 {},
  OPTannote = 	 {}
}




@InBook{Felsenstein,
  author = 	 {J Felsenstein},
  ALTeditor = 	 {},
  title = 	 {Inferring phylogenies},
  chapter = 	 {Chapter one: Parsimony methods},
  publisher = 	 {Sinauer Associates, Inc.},
  year = 	 {2004},
  OPTkey = 	 {},
  OPTvolume = 	 {},
  OPTnumber = 	 {},
  OPTseries = 	 {},
  OPTtype = 	 {},
  OPTaddress = 	 {},
  OPTedition = 	 {},
  OPTmonth = 	 {},
  pages = 	 {1--18},
  note = 	 {ISBN:0878931775},
  OPTannote = 	 {}
}

@Misc{Felsenstein04,
  OPTkey = 	 {},
  author = 	 {J Felsenstein},
  title = 	 {PHYLIP (Phylogeny Inference Package) version 3.6},
  howpublished = {\url{http://evolution.genetics.washington.edu/phylip.html}},
  OPTmonth = 	 {},
  year = 	 {2004},
  note = 	 {Distributed by the author. Department of Genome Sciences, University of Washington, Seattle},
  OPTannote = 	 {}
}


@Article{Gabriel02,
  author = 	 {S B Gabriel and S F Scaffner and H Nguyen and J M Moore and J Roy and B Blumenstiel and J Higgins and M De{F}elice and A Lochner and M Faggart and S N Liu-{C}ordero and C Rotimi and A Adeyamo and R Cooper and R Ward and E S Lander and M J Daly and D Altshuler},
  title = 	 {The structure of haplotype blocks in the human genome},
  journal = 	 {Science},
  year = 	 {2002},
  OPTkey = 	 {},
  volume = 	 {296},
  OPTnumber = 	 {},
  pages = 	 {2225--2229},
  OPTmonth = 	 {},
  OPTnote = 	 {},
  OPTannote = 	 {}
}

@Misc{treevolve,
  OPTkey = 	 {},
  author = 	 {N C Grassly and A Rambaut},
  title = 	 {Treevolve, version 1.32},
  OPThowpublished = {},
  OPTmonth = 	 {},
  year = 	 {2000},
  OPTnote = 	 {available at \url{http://evolve.zoo.ox.ac.uk/software/Treevolve/main.html} },
  OPTannote = 	 {}
}

@Article{haviland,
  author = 	 {M B Haviland and A M Kessling and J Davignon and C F Sing},
  title = 	 {Cladistic analysis  of the {A}polipoprotein \texttt{AI-CIII-AIV} gene cluster using a healthy {F}rench {C}anadian sample. {I}. {H}aploid analysis.},
  journal = 	 {Ann Hum Genet},
  year = 	 {1995},
  OPTkey = 	 {},
  volume = 	 {59},
  OPTnumber = 	 {},
  pages = 	 {211--231},
  OPTmonth = 	 {},
  OPTnote = 	 {},
  OPTannote = 	 {}
}



@Article{Heng00,
  author = 	 {C K Heng and P S Low},
  title = 	 {Cladistic analysis: its application in association studies of complex diseases},
  journal = 	 {Ann Acad Med Singapore},
  year = 	 {2000},
  OPTkey = 	 {},
  volume = 	 {29},
  OPTnumber = 	 {},
  pages = 	 {313--321},
  OPTmonth = 	 {},
  OPTnote = 	 {},
  OPTannote = 	 {}
}



@Article{Hugot01,
  author = 	 {J P Hugot and M Chamaillard and H Zouali and S Lesage and J P C\'ezard and J Belaiche and S Almer and C Tysk and  C A O'Morain and M Gassull and V Binder and Y Finkel and A Cortot and R Modigliani and P Laurent-Puig and C Gower-Rousseau and J Macry and J F Colombel and M Sahbatou and G Thomas},
  title = 	 {Association of {N}{O}{D}2 leucin-rich repeat variants with susceptibility to {C}rohn's disease},
  journal = 	 {Nature},
  year = 	 {2001},
  OPTkey = 	 {},
  volume = 	 {411},
  OPTnumber = 	 {},
  pages = 	 {599--603},
  OPTmonth = 	 {},
  OPTnote = 	 {},
  OPTannote = 	 {}
}



@Article{Jannot03,
  author = 	 {A S Jannot and L  Essioux and MG  Reese and F Clerget-Darpoux},
  title = 	 {Improved use of {S}{N}{P} information to detect the role of genes},
  journal = 	 {Genet Epidemiol},
  year = 	 {2003},
  OPTkey = 	 {},
  volume = 	 {25},
  OPTnumber = 	 {},
  pages = 	 {158--67.},
  OPTmonth = 	 {},
  OPTnote = 	 {},
  OPTannote = 	 {}
}

% 100897350 (JID)
@Article{Judson01,
   Author={R Judson and J C Stephens},
   Title={Notes from the SNP vs. haplotype front},
   Journal={Pharmacogenomics},
   Year={2001},
   Volume={2},
   Number={1},
   Pages={7-10},
   Month={Feb}
}


@Book{livre:Kaplan,
  author = 	 {J C Kaplan and M Delpech},
  ALTeditor = 	 {},
  title = 	 {Biologie moléculaire et médecine},
  publisher = 	 {Médecines-{S}ciences, {F}lammarion},
  year = 	 {1993},
  OPTkey = 	 {},
  OPTvolume = 	 {},
  OPTnumber = 	 {},
  OPTseries = 	 {},
  OPTaddress = 	 {},
  edition = 	 {2ème},
  OPTmonth = 	 {},
  OPTnote = 	 {},
  OPTannote = 	 {}
}

% 8411723 (JID)
@Article{Kaplan01,
   Author={N Kaplan and R Morris},
   Title={Issues concerning association studies for fine mapping a susceptibility gene for a complex disease},
   Journal={Genet Epidemiol},
   Year={2001},
   Volume={20},
   Number={4},
   Pages={432-457},
   Month={May}
}




@Article{Keavney98,
  author = 	 {B Keavney and C A McKenzie and J M C Connell and C Julier and P J Ratcliffe and E Sobel and M Lathrop and M Farrall},
  title = 	 {Measured haplotype analysis of the angiotensin-{I} converting enzyme gene},
  journal = 	 {Hum Mol Genet},
  year = 	 {1998},
  OPTkey = 	 {},
  volume = 	 {7},
  number = 	 {11},
  pages = 	 {1745--1751},
  OPTmonth = 	 {},
  OPTnote = 	 {},
  OPTannote = 	 {}
}

@Article{kittles,
  author = 	 {R A Kittles and J C Long and A W Bergen and M Eggert and M Virkkunen and M Linnoila and D Goldman},
  title = 	 {Cladistic association analysis of {Y} chromosome effects on alcohol dependence and related personality traits},
  journal = 	 {Proc Natl Acad Sci},
  year = 	 {1999},
  OPTkey = 	 {},
  volume = 	 {96},
  OPTnumber = 	 {},
  pages = 	 {4204--4209},
  OPTmonth = 	 {},
  OPTnote = 	 {},
  OPTannote = 	 {}
}




@Article{Lazzeroni98,
  author = 	 {L C Lazzeroni},
  title = 	 {Linkage disequilibrium and gene mapping: an empirical least-square approach},
  journal = 	 {Am J Hum Genet},
  year = 	 {1998},
  OPTkey = 	 {},
  volume = 	 {62},
  OPTnumber = 	 {},
  pages = 	 {159-170},
  OPTmonth = 	 {},
  OPTnote = 	 {},
  OPTannote = 	 {}
}

@Article{crohn,
  author = 	 {S Lesage and H Zouali and J P Cezard and the EPWG-IBD group and J F Colombel and the EPIMAD group and J Belaiche and the GETAID group and S Almer and C Tysk and C O'Morain and M Gassull and V Binder and Y Finkek and R Modigliani and C Gower-Rousseau and J Macry and F Merlin and M Chamaillard and A S Jeannot and G Thomas and JP Hugot},
  title = 	 {{C}{A}{R}{D}15/{N}{O}{D}2 Mutational analysis and genotype-phenotype correlation in 612 patients with inflammatory bowel disease},
  journal = 	 {Am J Hum Genet},
  year = 	 {2002},
  OPTkey = 	 {},
  volume = 	 {70},
  OPTnumber = 	 {},
  pages = 	 {000--000},
  OPTmonth = 	 {},
  OPTnote = 	 {},
  OPTannote = 	 {}
}

@Article{LobosetTodd,
  author = 	 {E A Lobos and R D Todd},
  title = 	 {Cladistic analysis of disease association with tyroxine hydroxylase : {A}pplication to manic-depressive disease and alcoholism.},
  journal = 	 {Am J Med Genet},
  year = 	 {1997},
  OPTkey = 	 {},
  volume = 	 {74},
  OPTnumber = 	 {},
  pages = 	 {289--295},
  OPTmonth = 	 {},
  OPTnote = 	 {},
  OPTannote = 	 {}
}




@Article{Lobos98,
  author = 	 {EA Lobos and R D Todd},
  title = 	 {Association analysis in an evolutionary context: cladistic analysis of the {D}{R}{D}2 locus to test for association with alcoholism},
  journal = 	 {Am J Med Genet},
  year = 	 {1998},
  OPTkey = 	 {},
  volume = 	 {81},
  OPTnumber = 	 {},
  pages = 	 {411--419},
  OPTmonth = 	 {},
  OPTnote = 	 {},
  OPTannote = 	 {}
}

% 9518021 (JID)
@Article{Long99,
   Author={A D Long and C H Langley},
   Title={The power of association studies to detect the contribution of candidate genetic loci to variation in complex traits},
   Journal={Genome Res},
   Year={1999},
   Volume={9},
   Number={8},
   Pages={720-731},
   Month={Aug}
}

@Article{McPeek99,
  author = 	 {M S McPeek and A Strahs},
  title = 	 {Assessment of linkage disequilibrium by the decay of haplotype sharing with application to fine-scale genetic mapping},
  journal = 	 {Am J Hum Genet},
  year = 	 {1999},
  OPTkey = 	 {},
  volume = 	 {65},
  OPTnumber = 	 {},
  pages = 	 {858-875},
  OPTmonth = 	 {},
  OPTnote = 	 {},
  OPTannote = 	 {}
}

@Book{livrestathiguet,
  author = 	 {A E Maxwell},
  ALTeditor = 	 {},
  title = 	 {Analysing Qualitative Data, Methuen's monographs on applied probability and statistics},
  publisher = 	 {General Editor Maurice Bartlett},
  year = 	 {1961},
  OPTkey = 	 {},
  OPTvolume = 	 {},
  OPTnumber = 	 {},
  OPTseries = 	 {},
  OPTaddress = 	 {},
  OPTedition = 	 {},
  OPTmonth = 	 {},
  OPTnote = 	 {},
  OPTannote = 	 {}
}



@Article{Nielsen99,
  author = 	 {D M Nielsen and M G Ehm and B S Weir},
  title = 	 {Detecting marker-disease association by testing for {H}ardy-{W}einberg disequilibrium at a marker locus},
  journal = 	 {Am J Hum Genet},
  year = 	 {1999},
  OPTkey = 	 {},
  volume = 	 {63},
  OPTnumber = 	 {},
  pages = 	 {1531--1540},
  OPTmonth = 	 {},
  OPTnote = 	 {},
  OPTannote = 	 {}
}

@Article{Nielsen04,
  author = 	 {D M Nielsen and M G Ehm and D V Zaykin and B S Weir},
  title = 	 {Effect of two- and three-locus linkage disequilibrium on the power to detect marker/phenotype association},
  journal = 	 {Genetics},
  year = 	 {2004},
  OPTkey = 	 {},
  volume = 	 {168},
  OPTnumber = 	 {},
  pages = 	 {1029--1040},
  OPTmonth = 	 {October},
  OPTnote = 	 {},
  OPTannote = 	 {}
}


@Article{Niu04,
  author = 	 {T Niu},
  title = 	 {Algorithms for inferring haplotypes},
  journal = 	 {Genet Epidemiol},
  year = 	 {2004},
  OPTkey = 	 {},
  volume = 	 {27},
  OPTnumber = 	 {},
  OPTpages = 	 {334--347},
  OPTmonth = 	 {},
  OPTnote = 	 {special issue: genetic epudemiology and haplotypes},
  OPTannote = 	 {}
}

@Article{Payami89,
  author = 	 {H Payami and S Joe and N R Farid and V Stenszky and S H Chan and P P B Yeo and J S Cheah and G Thomson},
  title = 	 {Relative predispositional effects ({R}{P}{E}s) of marker alleles with disease: {H}{L}{A}-{D}{R} alleles and {G}raves disease},
  journal = 	 {Am J Hum Genet},
  year = 	 {1989},
  OPTkey = 	 {},
  volume = 	 {45},
  OPTnumber = 	 {},
  pages = 	 {541--546},
  OPTmonth = 	 {},
  OPTnote = 	 {},
  OPTannote = 	 {}
}

@Article{Posada,
  author = 	 {D Posada and K A Crandall},
  title = 	 {Evaluation of methods for detecting recombination from {D}{N}{A} sequences: computer simulations},
  journal = 	 {P{N}{A}{S}},
  year = 	 {2001},
  OPTkey = 	 {},
  volume = 	 {98},
  number = 	 {24},
  pages = 	 {13757--13762},
  OPTmonth = 	 {},
  OPTnote = 	 {},
  OPTannote = 	 {}
}



@Article{Rannala01,
  author = 	 {B Rannala and J P Reeve},
  title = 	 {High-resolution multipoint linkage-disequilibrium mapping in the context of a human genome sequence},
  journal = 	 {Am J Hum Genet},
  year = 	 {2001},
  OPTkey = 	 {},
  volume = 	 {69},
  OPTnumber = 	 {},
  pages = 	 {159-178},
  OPTmonth = 	 {},
  OPTnote = 	 {},
  OPTannote = 	 {}
}

@Article{Roeder05,
  author =       {K Roeder and S-A Bacanu and V Sonpar and X Zhang and B 
Devlin},
  title =        {Analysis of single-locus tests to detect gene/disease 
associations},
  journal =      {Genet Epidemiol},
  year =         {2005},
  OPTkey =       {},
  volume =       {28},
  OPTnumber =    {},
  pages =        {207-219},
  OPTmonth =     {},
  OPTnote =      {},
  OPTannote =    {}
}


@Article{Roff89,
  author = 	 {D A Roff and P Bentzen},
  title = 	 {The statistical analysis of mitochondrial {D}{N}{A} polymorphisms: $\chi^2$ and the problem of small samples},
  journal = 	 {Mol. Biol. Evol.},
  year = 	 {1989},
  OPTkey = 	 {},
  volume = 	 {6},
  OPTnumber = 	 {},
  pages = 	 {539--545},
  OPTmonth = 	 {},
  OPTnote = 	 {},
  OPTannote = 	 {}
}
 
% 0374636 (JID)
@Article{Schierup00,
   Author={M H Schierup and J Hein},
   Title={Consequences of recombination on traditional phylogenetic analysis},
   Journal={Genetics},
   Year={2000},
   Volume={156},
   OPTNumber={2},
   Pages={879--891},
   OPTMonth={Oct}
}

@Article{Schork00,
  author = 	 {N J Schork and D Fallin and S Lanchbury},
  title = 	 {Single nucleotide polymorphisms and the future of genetic epidemiology},
  journal = 	 {Clin Genet},
  year = 	 {2000},
  OPTkey = 	 {},
  volume = 	 {58},
  OPTnumber = 	 {},
  pages = 	 {250--264},
  OPTmonth = 	 {},
  OPTnote = 	 {},
  OPTannote = 	 {}
}

@Misc{SeattleSNPs,
  OPTkey = 	 {},
  author = 	 {SeattleSNPs},
  title = 	 {NHLBI Program for Genomic Applications, UW-FHCRC, Seattle, WA},
  OPThowpublished = {},
  OPTmonth = 	 {},
  OPTyear = 	 {},
  note = 	 {(URL: http://pga.gs.washington.edu) [accessed october 2004]},
  OPTannote = 	 {}
}

@Article{Seltman01,
  author = 	 {H Seltman and K Roeder and B Devlin},
  title = 	 {Transmission/Disequilibrium test meets measured haplotype analysis: family-based association analysis guided by evolution of haplotypes},
  journal = 	 {Am J Hum Genet},
  year = 	 {2001},
  OPTkey = 	 {},
  volume = 	 {68},
  OPTnumber = 	 {},
  pages = 	 {1250--1263},
  OPTmonth = 	 {},
  OPTnote = 	 {},
  OPTannote = 	 {}
}



@Article{Seltman03,
  author = 	 {H Seltman and K Roeder and B Devlin},
  title = 	 {Evolutionary-based association using haplotype data},
  journal = 	 {Genet Epidemiol},
  year = 	 {2003},
  OPTkey = 	 {},
  volume = 	 {25},
  OPTnumber = 	 {},
  pages = 	 {48--58},
  OPTmonth = 	 {},
  OPTnote = 	 {},
  OPTannote = 	 {}
}

% 0370475 (JID)
@Article{Stephens03,
   Author={M Stephens and P Donnelly},
   Title={A comparison of bayesian methods for haplotype reconstruction from population genotype data},
   Journal={Am J Hum Genet},
   Year={2003},
   Volume={73},
   Number={5},
   Pages={1162-1169},
   Month={Nov}
}


% 0370475 (JID)
@Article{Stephens01,
  author={M Stephens and N J Smith and P Donnelly},
  title={A new statistical method for haplotype reconstruction from population data},
  Journal={Am J Hum Genet},
  Year={2001},
  Volume={68},
  Number={4},
  Pages={978-989},
  Month={Apr}
} 

@Misc{Swofford02,
  OPTkey = 	 {},
  author = 	 {D L Swofford},
  title = 	 {\paup Phylogenetic Analysis Using Parcimony. Version 4.0b10.},
  howpublished = {Sunderland, Massachusetts: Sinauer Associates},
  OPTmonth = 	 {},
  year = 	 {2002},
  OPTnote = 	 {Available at \url{http://paup.csit.fsu.edu/}},
  OPTannote = 	 {}
}


@Misc{Arlequin,
  OPTkey = 	 {},
  author = 	 {Schneider S, Roessli D, and Excoffier L}, 
  title = 	 {Arlequin: A software for population genetics data analysis. Ver 2.000},
  OPThowpublished = {},
  OPTmonth = 	 {},
  year = 	 {2000},
  note = 	 {Available at \url{http://lgb.unige.ch/arlequin/software/}},
  OPTannote = 	 {}
}



@Article{Tahri03,
  author = 	 {N Tahri-Daizadeh and D A Tregouet and V Nicaud and N Manuel and F Cambien and L Tiret},
  title = 	 {Automated detection of informative combined effects in genetic association studies of complex traits},
  journal = 	 {Genome res},
  year = 	 {2003},
  OPTkey = 	 {},
  volume = 	 {13},
  OPTnumber = 	 {},
  pages = 	 {1952--1960},
  OPTmonth = 	 {},
  OPTnote = 	 {},
  OPTannote = 	 {}
}

@Article{Templeton1,
  author = 	 {A R Templeton and  E Boerwinkle and C F Sing},
  title = 	 {A cladistic analysis of phenotypic associations with haplotypes inferred from restriction endonuclease mapping. {I}. {B}asic theory and an analysis of alcohol dehydrogenase activity in {D}rosophila},
  journal = 	 {Genetics},
  year = 	 {1987},
  OPTkey = 	 {},
  volume = 	 {117},
  OPTnumber = 	 {},
  pages = 	 {343--351},
  OPTmonth = 	 {},
  OPTnote = 	 {},
  OPTannote = 	 {}
}

@Article{Templeton2,
  author = 	 {A R Templeton and C F Sing and A Kessling and S Humphries},
  title = 	 {A cladistic analysis of phenotypic associations with haplotypes inferred from restriction endonuclease mapping. {II}. {T}he analysis of natural populations},
  journal = 	 {Genetics},
  year = 	 {1988},
  OPTkey = 	 {},
  volume = 	 {120},
  OPTnumber = 	 {},
  pages = 	 {1145--1154},
  OPTmonth = 	 {},
  OPTnote = 	 {},
  OPTannote = 	 {}
}

@Article{Templeton3,
  author = 	 {A R Templeton and  K A Crandall and C F Sing},
  title = 	 {A cladistic analysis of phenotypic associations with haplotypes inferred from restriction endonuclease mapping and {DNA} sequence data. {III}. {C}ladogram estimation},
  journal = 	 {Genetics},
  year = 	 {1992},
  OPTkey = 	 {},
  volume = 	 {132},
  OPTnumber = 	 {},
  pages = 	 {619--633},
  OPTmonth = 	 {},
  OPTnote = 	 {},
  OPTannote = 	 {}
}
@Article{Templeton4,
  author = 	 {A R Templeton and C F Sing},
  title = 	 {A cladistic analysis of phenotypic associations with haplotypes inferred from restriction endonuclease mapping. {IV}. {N}ested analysis with cladogram uncertainty and recombination},
  journal = 	 {Genetics},
  year = 	 {1993},
  OPTkey = 	 {},
  volume = 	 {134},
  OPTnumber = 	 {},
  pages = 	 {659--669},
  OPTmonth = 	 {},
  OPTnote = 	 {},
  OPTannote = 	 {}
}

@Article{Templeton5,
  author = 	 {A R Templeton},
  title = 	 {A cladistic analysis of phenotypic associations with haplotypes inferred from restriction endonuclease mapping or {DNA} sequencing. {V}. analysis of case/control sampling designs: {A}lzheimer's disease and the {A}polipoprotein {E} locus},
  journal = 	 {Genetics},
  year = 	 {1995},
  OPTkey = 	 {},
  volume = 	 {140},
  OPTnumber = 	 {},
  pages = 	 {403--409},
  OPTmonth = 	 {},
  OPTnote = 	 {},
  OPTannote = 	 {}
}



@Article{ApoEconsortium97,
  author = 	 {The APOE and {A}lzheimer {D}isease meta analysis consortium},
  title = 	 {Effects of age, gender and ethnicity on the association between apolipoprotein E genotype and Alzheimer disease},
  journal = 	 {J Am Med Assoc},
  year = 	 {1997},
  OPTkey = 	 {},
  volume = 	 {278},
  OPTnumber = 	 {},
  pages = 	 {1349--1356},
  OPTmonth = 	 {},
  OPTnote = 	 {},
  OPTannote = 	 {}
}

@Article{Thomas01,
  author = 	 {D C Thomas and  I B Borecki and G Thomson and K Weiss and L Almasy and J Blangero and D Nielsen and J Terwilliger and D Zaykin and J MacCluer},
 title = 	 {Evolution of the simulated data problem},
  journal = 	 {Genet Epidemiol},
  year = 	 {2001},
  OPTkey = 	 {},
  volume = 	 {21 (Suppl.1},
  OPTnumber = 	 {},
  pages = 	 {S325--S331},
  OPTmonth = 	 {},
  OPTnote = 	 {},
  OPTannote = 	 {}
}



@Article{Tiret91,
  author = 	 {L Tiret and P Amouyel and R Rakotovao and F Cambien and P Ducimetière},
  title = 	 {Testing for association between disease and linked marker loci: a log-linear-mode analysis},
  journal = 	 {Am J Hum Genet},
  year = 	 {1991},
  OPTkey = 	 {},
  volume = 	 {48},
  OPTnumber = 	 {},
  pages = 	 {926--934},
  OPTmonth = 	 {},
  OPTnote = 	 {},
  OPTannote = 	 {}
}



@Article{Valdes97,
  author = 	 {A M Valdes and G Thomson},
  title = 	 {Detecting Disease-Predisposing Variants: The Haplotype Method.},
  journal = 	 {Am J Hum Genet},
  year = 	 {1997},
  OPTkey = 	 {},
  volume = 	 {60},
  OPTnumber = 	 {},
  pages = 	 {703-716},
  OPTmonth = 	 {},
  OPTnote = 	 {},
  OPTannote = 	 {}
}

@Article{Vermeire02,
  author = 	 {S Vermeire and G Wild and K Kocher and J Cousineau and L Dufresne and A Bitton and D Langelier and P Pare and G Lapointe and A Cohen and M J Daly and J Rioux },
  title = 	 {{CARD}15 genetic variation in a {Q}uebec population: prevalence, genotype-phenotype relationship, and haplotype structure},
  journal = 	 {Am J Hum Genet},
  year = 	 {2002},
  OPTkey = 	 {},
  volume = 	 {71},
  OPTnumber = 	 {},
  pages = 	 {74--83},
  OPTmonth = 	 {},
  OPTnote = 	 {},
  OPTannote = 	 {}
}



@Article{Wang03,
  author = 	 {G Q Wang and M Di Pietro and K Roeder and C K Heng and  C H Bunker and R F Hamman and M I Kamboh },
  title = 	 {Cladistic analysis of human {A}polipoprotein {A}4 polymorphisms in relation to quantitative plasma lipid risk factors of coronary heart disease},
  journal = 	 {Ann of Hum Genet},
  year = 	 {2003},
  OPTkey = 	 {},
  volume = 	 {67},
  OPTnumber = 	 {},
  pages = 	 {107--124},
  OPTmonth = 	 {},
  OPTnote = 	 {},
  OPTannote = 	 {}
}



@Unpublished{YangPAML,
  author = 	 {Z Yang},
  title = 	 {Phylogenetic Analysis by Maximum Likelihood},
  note = 	 {http://abacus.gene.ucl.ac.uk/software/paml.html},
  OPTkey = 	 {},
  OPTmonth = 	 {},
  OPTyear = 	 {},
  OPTannote = 	 {}
}

@Article{Zaykin02,
  author = 	 {D V Zaykin and P H Westfall and S S Young and M A Karnoub and M J Wagner and M G Ehm},
  title = 	 {Testing association of statistically inferred haplotypes with discrete and continuous traits in samples of unrelated individuals},
  journal = 	 {Hum Hered},
  year = 	 {2002},
  OPTkey = 	 {},
  volume = 	 {53},
  OPTnumber = 	 {},
  pages = 	 {79--91},
  OPTmonth = 	 {},
  OPTnote = 	 {},
  OPTannote = 	 {}
}

% 0370475 (JID)
@Article{Zhang02,
   Author="K Zhang and P Calabrese and M Nordborg and F Sun",
   Title="{Haplotype block structure and its applications to association studies: power and study designs}",
   Journal="Am J Hum Genet",
   Year="2002",
   Volume="71",
   Number="6",
   Pages="1386-1394",
   Month="Dec"
}

@Article{Zhao00,
  author = 	 {J H Zhao and D Curtis and P C Sham},
  title = 	 {Model-free analysis and permutation tests for allelic associations},
  journal = 	 {Hum Hered},
  year = 	 {2000},
  OPTkey = 	 {},
  volume = 	 {50},
  OPTnumber = 	 {},
  pages = 	 {133--139},
  OPTmonth = 	 {},
  OPTnote = 	 {},
  OPTannote = 	 {}
}


@Article{Zhao03,
  author = 	 {H Zhao and R Pfeiffer and M H Gail},
  title = 	 {Haplotype analysis in population genetics and association studies},
  journal = 	 {Pharmacogenomics},
  year = 	 {2003},
  OPTkey = 	 {},
  volume = 	 {4},
  number = 	 {2},
  pages = 	 {171--178},
  OPTmonth = 	 {},
  OPTnote = 	 {},
  OPTannote = 	 {}
}

@Article{Zhu01,
  author = 	 {X Zhu and R S Cooper and G Chen and A Luke and R Eltson},
  title = 	 {Localization of the {Q}1 mutation by cladistic analysis},
  journal = 	 {Genet Epidemiol},
  year = 	 {2001},
  OPTkey = 	 {},
  volume = 	 {21 (Suppl.1)},
  OPTnumber = 	 {},
  pages = 	 {S594--S599},
  OPTmonth = 	 {},
  OPTnote = 	 {},
  OPTannote = 	 {}
}

